[gd_scene load_steps=3 format=2]

[ext_resource path="res://lib/Theme.tres" type="Theme" id=1]
[ext_resource path="res://Tabs/Menu/Menu.gd" type="Script" id=2]

[node name="Menu" type="Control"]
anchor_right = 1.0
anchor_bottom = 1.0
script = ExtResource( 2 )
__meta__ = {
"_edit_use_anchors_": false
}

[node name="VBoxContainer" type="VBoxContainer" parent="."]
anchor_right = 1.0
anchor_bottom = 1.0
size_flags_horizontal = 4
theme = ExtResource( 1 )
alignment = 1
__meta__ = {
"_edit_use_anchors_": false
}

[node name="Label" type="Label" parent="VBoxContainer"]
margin_left = 180.0
margin_top = 260.0
margin_right = 843.0
margin_bottom = 274.0
size_flags_horizontal = 4
text = "keine version heruntergeladen, bitte verbinden sie sich mit dem Internet und drücken sie Aktualisieren"
align = 1

[node name="Button" type="Button" parent="VBoxContainer"]
margin_left = 468.0
margin_top = 278.0
margin_right = 556.0
margin_bottom = 296.0
size_flags_horizontal = 4
text = "Aktualisieren"

[node name="Button4" type="Button" parent="VBoxContainer"]
margin_left = 464.0
margin_top = 300.0
margin_right = 560.0
margin_bottom = 318.0
size_flags_horizontal = 4
text = "Daten löschen"

[node name="Button2" type="Button" parent="VBoxContainer"]
visible = false
margin_top = 295.0
margin_right = 984.0
margin_bottom = 318.0
size_flags_horizontal = 4
theme = ExtResource( 1 )
toggle_mode = true
text = "Onlinefunktionen aktivieren"

[node name="Button3" type="Button" parent="VBoxContainer"]
margin_left = 481.0
margin_top = 322.0
margin_right = 542.0
margin_bottom = 340.0
size_flags_horizontal = 4
theme = ExtResource( 1 )
text = "Beenden"

[node name="waren_enc" type="HTTPRequest" parent="."]
download_file = "user://Waren_mined_encrypted.dat"

[node name="settings_config" type="HTTPRequest" parent="."]
download_file = "user://settings_config.txt"

[node name="filters" type="HTTPRequest" parent="."]
download_file = "user://filters.txt"

[node name="version" type="HTTPRequest" parent="."]
download_file = "user://version.txt"
[connection signal="pressed" from="VBoxContainer/Button" to="." method="_on_Button_pressed"]
[connection signal="pressed" from="VBoxContainer/Button4" to="." method="_on_Button4_pressed"]
[connection signal="pressed" from="VBoxContainer/Button3" to="." method="_on_Button3_pressed"]
[connection signal="request_completed" from="waren_enc" to="." method="_on_HTTPRequest_request_completed"]
[connection signal="request_completed" from="settings_config" to="." method="_on_settings_config_request_completed"]
[connection signal="request_completed" from="filters" to="." method="_on_filters_request_completed"]
[connection signal="request_completed" from="version" to="." method="_on_version_request_completed"]
